@inproceedings{chirikba12,
  title={Rasseleniye abhazov i abazin v {T}urcii},
  author={Chirikba, V. A.},
  booktitle={Dzhigetskiy sbornik: vyp. 1. Voprosy etno-kulturnoj
istorii Zapadnoy Abxazii ili Dzhigetii},
  pages={21--95},
  year={2012}
}

@book{genko55,
  title={Abazinskiy yazik},
  author={Genko, A. N.},
  year={1955},
  publisher={Akademiya Nauk SSSR},
  address={Moskva}
}

@book{tabulova76,
  title={Grammatika abazinskogo yazika},
  author={Tabulova, N. T.},
  year={1976},
  publisher={Karachayevo-Cherkesskoye otdeleniye Stavropolskogo knizhnogo izdatelstva},
  address={Cherkessk}
}

@book{lomtatidze06,
  title={Abazinskiy yazik ({K}ratkoye obozreniye)},
  author={Lomthathidze, K.},
  year={2006},
  publisher={Institut yazikoznaniya Arnolda Chikobava},
  address={Tbilisi}
}

@book{hewitt79,
  title={Abkhaz},
  author={Hewitt, B. G.},
  year={1979},
  publisher={North-Holland publishing company},
  address={Amsterdam}
}

@book{colarusso88,
  title={The {N}orthwest {C}aucasian {L}anguages: a {P}honological {S}urvey},
  author={Colarusso, J.},
  year={1988},
  publisher={Garland Publishing, Inc.},
  address={New York, London}
}

@phdthesis{chirikba96,
  title={{C}ommon {W}est {C}aucasian. {T}he reconstruction of its phonological system and parts of its lexicon and morphology},
  author={Chirikba, V. A.},
  year={1996},
  school={Universiteit Leiden}
}

@article{bouda40,
 author = {K. Bouda},
 journal = {Zeitschrift der Deutschen Morgenländischen Gesellschaft},
 number = {2},
 pages = {234--250},
 publisher = {Harrassowitz Verlag},
 title = {Das {A}basinische, eine unbekannte abchasische {M}undart},
 volume = {94 (n.F. 19)},
 year = {1940}
}

@article{allen56,
  title={Structure and system in the {A}baza verbal complex},
  author={Allen, W. S.},
  journal={Transactions of the Philological Society},
  volume={55},
  number={1},
  pages={127--176},
  year={1956},
  publisher={Blackwell Publishing Ltd Oxford, UK}
}

@article{oherin92,
  title={Metrical structure in {A}baza},
  author={O'Herin, B.},
  journal={Ms., University of California, Santa Cruz},
  year={1992}
}

@misc{arkadiev19,
  title={Conspectus of {A}baza {G}rammar},
  author={Arkadiev, S.},
  year={2019}
}

@incollection{oherin21,
  title={Abaza and {A}bkhaz},
  author={O'Herin, B.},
  editor={Polinsky, M.},
  booktitle={The {O}xford {H}andbook of {L}anguages of the {C}aucasus},
  year={2021},
  publisher={Oxford University Press}
}


@misc{mamonova19,
  title={{VOT} features of consonants of {A}baza},
  author={Mamonova, T. and Moroz, G.},
  note={Working Papers of National Research University Higher School of Economics, Series: Linguistics},
  year={2019}
}


@article{chirikba85,
 author = {V. A. Chirikba},
 journal = {Voprosy adygeyskogo yazykoznaniya},
 pages = {95--117},
 publisher = {Nauchno-issledovatelskiy institut ekonomiki, yazyka, literatury i istorii},
 title = {K probleme sinhronnogo analiza svistyashe-shipyashix soglasnyh v abhazo-adygskih yazykax},
 volume = {5},
 year = {1985}
}

@proceedings{chirikba20,
 author = {V. A. Chirikba},
 title = {K klassifikacii govorov tapantanskogo dialekta abazinskogo yazyka},
 booktitle = {Klychevskiye chteniya - 2020: Materialy nauchno-prakticheskoy konferencii s mezhdunarodnym uchastiyem},
 pages = {3--33},
 year = {2020},
 publisher = {Karachayevo-cherkesskiy gosudarstvennyy universitet imeni U. D. Alieva, Centr abazinskogo yazyka i kultury},
 address = {Karachaevsk}
}

@article{andersson21, 
  title={Cwyzhy {A}bkhaz}, 
  DOI={10.1017/S0025100320000390}, 
  journal={Journal of the International Phonetic Association}, 
  publisher={Cambridge University Press}, 
  author={Andersson, S. and Vaux, B. and Pysipa (Şener), Z.},
  year={2021}, 
  pages={1–21}
}

@inproceedings{catford72,
  title={Labialisation in {C}ausasian Languages, with special reference to {A}bkhaz},
  author={Catford, J. C.},
  booktitle={Proceedings of the seventh International Congress of Phonetic Sciences/Actes du Septi{\`e}me Congr{\`e}s international des sciences phon{\'e}tiques},
  pages={679--682},
  year={1972},
  organization={De Gruyter Mouton}
}

@article{gordon06,
  title={Phonetic structures of {T}urkish {K}abardian},
  author={Gordon, M. and Applebaum, A.},
  journal={Journal of the International Phonetic Association},
  pages={159--186},
  year={2006}
}

@inproceedings{catford94,
  title={Some questions of {N}. {W}. {C}aucasian phonetics and phonology},
  author={Catford, J. C.},
  booktitle={Proceedings of the Conference on Northwest Caucasian Linguistics, 10-12 October 1994},
  pages={99--113},
  year={1997}
}

@inproceedings{applebaum11,
  title={A comparative phonetic study of the {C}ircassian languages},
  author={Applebaum, A. and Gordon, M.},
  booktitle={Annual Meeting of the Berkeley Linguistics Society},
  volume={37},
  number={2},
  pages={3--17},
  year={2011}
}

@inproceedings{paschen15,
  title={An acoustic study of fricatives in {T}emirgoy {A}dyghe},
  author={Paschen, L.},
  booktitle={ICPhS},
  year={2015}
}

@book{testelets09,
  title={Aspekty polisentetizma: otserki po grammatike adygeyskogo yazyka},
  author={Testelets, Y. G. and Arkadiev, P. M. and Letuchiy, A. B. and Sumbatova, N. R."},
  year={2009},
  publisher={RSUH},
  address={Moscow}
}

@book{ladefoged96,
  title={The sounds of the world's languages},
  author={Ladefoged, P. and Maddieson, I.},
  year={1996},
  publisher={Blackwell Oxford}
}

@Manual{moroz17,
    title = {lingtypology: easy mapping for Linguistic Typology},
    author = {George Moroz},
    year = {2017},
    url = {https://CRAN.R-project.org/package=lingtypology},
  }
  
@book{lomtatidze44,
  title={The {T}apantha dialect of the {A}baza language},
  author={Lomthathidze, K.},
  year={1944},
  publisher={Publishing House of the Academy of Science of the Georgian SSR},
  address={Tbilisi}
}

@inproceedings{dybo77,
  title={Zapadnokavkazskaya aktsentnaja sistema i problema ee proisxozhdeniya},
  author={Dybo, V. A.},
  year={1977},
  publisher={Paper presented at the Konferenciya Nostraticheskie yazyki i nostraticheskoe yazykoznaniye},
  address={Moscow}
}

@phdthesis{spruit86,
  title={Abkhaz studies},
  author={Spruit, A.},
  year={1986},
  school={Universiteit Leiden}
}
